<?xml version="1.0" encoding="UTF-8"?><record xmlns="http://www.loc.gov/MARC21/slim" xmlns:cinclude="http://apache.org/cocoon/include/1.0" xmlns:zs="http://www.loc.gov/zing/srw/">
  <leader>00967cz  a2200169n  4500</leader>
  <controlfield tag="001">n  98036824 </controlfield>
  <controlfield tag="003">DLC</controlfield>
  <controlfield tag="005">20160408151633.0</controlfield>
  <controlfield tag="008">980420n| azannaab           |n aaa      </controlfield>
  <datafield tag="010" ind1=" " ind2=" ">
    <subfield code="a">n  98036824 </subfield>
  </datafield>
  <datafield tag="035" ind1=" " ind2=" ">
    <subfield code="a">(Uk)003559882</subfield>
  </datafield>
  <datafield tag="040" ind1=" " ind2=" ">
    <subfield code="a">DLC</subfield>
    <subfield code="b">eng</subfield>
    <subfield code="e">rda</subfield>
    <subfield code="c">DLC</subfield>
    <subfield code="d">DLC</subfield>
    <subfield code="d">Uk</subfield>
    <subfield code="d">DLC</subfield>
  </datafield>
  <datafield tag="100" ind1="1" ind2=" ">
    <subfield code="a">Segell, Glen</subfield>
  </datafield>
  <datafield tag="670" ind1=" " ind2=" ">
    <subfield code="a">Regionalisation, globalisation and the emancipation of information, 1998:</subfield>
    <subfield code="b">t.p. (Glen Segell)</subfield>
  </datafield>
  <datafield tag="670" ind1=" " ind2=" ">
    <subfield code="a">Supply teachers' survival guide, 2003:</subfield>
    <subfield code="b">t.p. (Glen Segell) BL AL sent 25 Feb. 2003</subfield>
  </datafield>
  <datafield tag="670" ind1=" " ind2=" ">
    <subfield code="a">BL AL recd. 10 Mar. 2003</subfield>
    <subfield code="b">(Glen Segell, born 17 Nov. 1966; sole author of many titles on many subjects ranging from current peace processes in the Middle East, the Royal Air Force, electronic democracy and UK elections, nationalism and internationalism, politics and international relations)</subfield>
  </datafield>
  <datafield tag="670" ind1=" " ind2=" ">
    <subfield code="a">Nuclear strategy : the Jim King manuscripts, 2006:</subfield>
    <subfield code="b">t.p. (Glen Segell) p. 3 (Dr. Glen M. Segell, FRGS, is dir. of the Institute of Security Policy)</subfield>
  </datafield>
</record>